@book{liu2002analog,
  title={Analog VLSI: circuits and principles},
  author={Liu, Shih-Chii and Kramer, Jorg and Indiveri, Giacomo and Delbra, Tobias and Douglas, Rodney and others},
  year={2002},
  publisher={MIT press}
}

@inproceedings{delbrueck1993bump,
  title={Bump circuits},
  author={Delbrueck, Tobias and Mead, C},
  booktitle={Proceedings of International Joint Conference on Neural Networks},
  volume={1},
  pages={475--479},
  year={1993}
}